@article {PSYP:PSYP1329,
author = {Craig, Ashley and Tran, Yvonne and Wijesuriya, Nirupama and Nguyen, Hung},
title = {Regional brain wave activity changes associated with fatigue},
journal = {Psychophysiology},
volume = {49},
number = {4},
issn = {1469-8986},
url = {http://dx.doi.org/10.1111/j.1469-8986.2011.01329.x},
doi = {10.1111/j.1469-8986.2011.01329.x},
pages = {574--582},
keywords = {Fatigue, Electroencephalography, Brain wave activity},
year = {2012},
}
