@inproceedings{he2005laplacian,
  title={Laplacian score for feature selection},
  author={He, Xiaofei and Cai, Deng and Niyogi, Partha},
  booktitle={Advances in neural information processing systems},
  pages={507--514},
  year={2005}
}

